@article{selfadjustingbst,
    author = {Sleator, Daniel Dominic and Tarjan, Robert Endre},
    title = {Self-adjusting binary search trees},
    year = {1985},
    publisher = {Association for Computing Machinery},
    address = {New York, NY, USA},
    volume = {32},
    number = {3},
    issn = {0004-5411},
    url = {https://doi.org/10.1145/3828.3835},
    doi = {10.1145/3828.3835},
    journal = {J. ACM},
    pages = {652–686},
    numpages = {35}
}

@article{dynamicoptimality,
  author    = {Erik D. Demaine and Dion Harmon and John Iacono and Mihai Pătrașcu},
  title     = {Dynamic optimality\,---\,{A}lmost},
  journal   = {SIAM Journal on Computing},
  volume    = 37,
  number    = 1,
  pages     = {240-251},
  year      = 2007,
  url       = {https://erikdemaine.org/papers/Tango_SICOMP/paper.pdf},
}

@inproceedings{geometry_of_bst,
  title={The geometry of binary search trees},
  author={Erik D. Demaine and Dion Harmon and John Iacono and Daniel M. Kane and Mihai Patrascu},
  booktitle={ACM-SIAM Symposium on Discrete Algorithms},
  year={2009},
  url={https://api.semanticscholar.org/CorpusID:7609102}
}

@article{lowerbound_wilber,
  author = {Wilber, Robert},
  title = {Lower Bounds for Accessing Binary Search Trees with Rotations},
  journal = {SIAM Journal on Computing},
  volume = {18},
  number = {1},
  pages = {56-67},
  year = {1989},
  doi = {10.1137/0218004},
}